@article{brunton2011vernacular,
author = {Brunton, Finn and Nissenbaum, Helen},
journal = {First Monday},
number = {5},
pages = {1--16},
title = {{Vernacular resistance to data collection and analysis: A political theory of obfuscation}},
volume = {16},
year = {2011}
}

@techreport{alexander2010Disinformation,
author = {Alexander, James M and Smith, Jonathan M},
institution = {University of Pennsylvania Department of Computer \& Information Science},
title = {{Disinformation : A Taxonomy}},
year = {2010}
}

@article{dodge2007Forgetting,
author = {Dodge, Martin and Kitchin, Rob},
journal = {Environment and Planning B: Planning and Design},
number = {3},
pages = {431--445},
title = {{‘Outlines of a world coming into existence’: pervasive computing and the ethics of forgetting}},
volume = {34},
year = {2007}
}

@article{dodge2005codes,
  title={Codes of life: identification codes and the machine-readable world},
  author={Dodge, Martin and Kitchin, Rob},
  journal={Environment and Planning D: Society and Space},
  volume={23},
  pages={851--881},
  year={2005}
}

@misc{templetonWatched,
url={http://www.templetons.com/brad/watched.html}
}

@article{iniguez2014Deception,
author = {I\~{n}iguez, Gerardo and Govezensky, Tzipe and Dunbar, Robin and Kaski, Kimmo and Barrio, Rafael A.},
journal = {arXiv preprint},
keywords = {agent-based modeling,deception,social networks},
pages = {1--19},
title = {{Effects of Deception in Social Networks}},
url = {http://arxiv.org/abs/1406.0673},
year = {2014}
}

@article{erickson2000Translucence,
author = {Erickson, Thomas and Kellogg, Wendy A and Watson, I B M T J},
number = {1},
pages = {59--83},
title = {{Social Translucence : An Approach to Designing Systems that Support Social Processes}},
volume = {7},
year = {2000}
}

@book{brin1999transparent,
  title={The transparent society: Will technology force us to choose between privacy and freedom?},
  author={Brin, David},
  year={1999},
  publisher={Basic Books}
}

@inproceedings{hancock2009butler,
author = {Hancock, Jeff and Birnholtz, Jeremy and Bazarova, Natalya and Guillory, Jamie and Perlin, Josh and Amos, Barrett},
booktitle = {Proceedings of the SIGCHI Conference on Human Factors in Computing Systems},
file = {:Users/dmrust/Documents/MendeleyIn/hancock2009ButlerLies.pdf:pdf},
isbn = {9781605582467},
organization = {ACM},
pages = {517--526},
title = {{Butler lies: awareness, deception and design}},
year = {2009}
}

@article{boyd2012Networked,
author = {Boyd, Danah},
journal = {Surveillance \& Society},
number = {3},
pages = {348--350},
title = {{Networked Privacy}},
volume = {10},
year = {2012}
}

@article{whitson2013gaming,
  title={Gaming the Quantified Self},
  author={Whitson, Jennifer R},
  journal={Surveillance \& Society},
  volume={11},
  number={1},
  pages={163--176},
  year={2013}
}

@article{albrechtslund2008online,
  title={Online social networking as participatory surveillance},
  author={Albrechtslund, Anders},
  journal={First Monday},
  volume={13},
  number={3},
  year={2008}
}

@inproceedings{beyer2014Alibi,
address = {Vienna, Austria},
author = {Beyer, Stefanie and Mulazzani, Martin and Schrittwieser, Sebastian and Huber, Markus and Weippl, Edgar},
booktitle = {International Conference on Digital Forensics},
file = {:Users/dmrust/Documents/MendeleyIn/beyer2014Alibis.pdf:pdf},
keywords = {automated alibis,digital evidence},
title = {{Towards fully automated alibis with social interaction}},
year = {2014}
}

@inproceedings{guy2014ConstructedIdentity,
author = {Guy, Amy and Klein, Ewan},
booktitle = {SOCM workshop at WWW2014},
pages = {897--902},
title = {{Constructed identity and social machines: a case study in creative media production}},
year = {2014}
}

